<record xmlns="http://www.loc.gov/MARC21/slim" xmlns:xsi="http://www.w3.org/2001/XMLSchema-instance" xsi:schemaLocation="http://www.loc.gov/MARC21/slim http://www.loc.gov/standards/marcxml/schema/MARC21slim.xsd"><leader>     nam a22        4500</leader><controlfield tag="001">001677383</controlfield><controlfield tag="003">NNU</controlfield><controlfield tag="006">m        d        </controlfield><controlfield tag="007">cr cn |||m|||a</controlfield><controlfield tag="008">150313s1968    iq      ob    000 0 arar </controlfield><datafield ind1=" " ind2=" " tag="040"><subfield code="a">NNU</subfield><subfield code="b">eng</subfield><subfield code="c">NNU</subfield></datafield><datafield ind1="0" ind2=" " tag="050"><subfield code="a">BP136.48</subfield><subfield code="b">.M3</subfield></datafield><datafield ind1="1" ind2=" " tag="100"><subfield code="a">Ma&#699;r&#363;f, Bashsh&#257;r &#699;Aww&#257;d.</subfield></datafield><datafield ind1="1" ind2="3" tag="245"><subfield code="a">al-Mundhir&#299; wa-kit&#257;buhu al-Takmilah li-wafay&#257;t al-naqalah</subfield><subfield code="h">[electronic resource] /</subfield><subfield code="c">[ta&#700;l&#299;f] Bashsh&#257;r &#699;Aww&#257;d Ma&#699;r&#363;f.</subfield></datafield><datafield ind1=" " ind2=" " tag="260"><subfield code="a">al-Najaf,</subfield><subfield code="b">Ma&#7789;ba&#699;at al-&#256;d&#257;b,</subfield><subfield code="c">1968.</subfield></datafield><datafield ind1=" " ind2=" " tag="300"><subfield code="a">online resource (384 p.)</subfield></datafield><datafield ind1=" " ind2=" " tag="500"><subfield code="a">Cover title: al-Mundhiri and his book al-Takmila, by Bashar A. Marouf.</subfield></datafield><datafield ind1=" " ind2=" " tag="500"><subfield code="a">Part of the Arabic Collections Online (ACO) project, contributed by New York Univeristy Libraries.</subfield></datafield><datafield ind1=" " ind2=" " tag="504"><subfield code="a">Bibliography: p. 296-323.</subfield></datafield><datafield ind1=" " ind2=" " tag="533"><subfield code="a">Electronic reproduction.</subfield><subfield code="b">New York, N.Y. :</subfield><subfield code="c">New York University,</subfield><subfield code="d">2015.</subfield><subfield code="5">NNU</subfield></datafield><datafield ind1="1" ind2="0" tag="600"><subfield code="a">Mundhir&#299;, &#699;Abd al-&#699;A&#7827;&#299;m ibn &#699;Abd al-Qaw&#299;,</subfield><subfield code="d">1185-1258.</subfield><subfield code="t">Takmilah li-wafay&#257;t al-naqalah.</subfield></datafield><datafield ind1="2" ind2=" " tag="710"><subfield code="a">New York University.</subfield><subfield code="b">Libraries.</subfield></datafield><datafield ind1="0" ind2=" " tag="730"><subfield code="a">Arabic Collections Online.</subfield></datafield><datafield ind1=" " ind2=" " tag="752"><subfield code="a">Iraq</subfield><subfield code="d">Najaf.</subfield></datafield><datafield ind1="0" ind2="8" tag="776"><subfield code="i">Print version:</subfield><subfield code="a">Ma&#699;r&#363;f, Bashsh&#257;r &#699;Aww&#257;d.</subfield><subfield code="t">al-Mundhir&#299; wa-kit&#257;buhu al-Takmilah li-wafay&#257;t al-naqalah</subfield><subfield code="w">(NNU)001677383</subfield><subfield code="w">(DLC)74255790 /NE</subfield></datafield><datafield ind1="4" ind2="0" tag="856"><subfield code="u">http://hdl.handle.net/2333.1/12jm668h</subfield></datafield><datafield ind1=" " ind2=" " tag="959"><subfield code="a">NNU</subfield><subfield code="b">WEB</subfield><subfield code="c">GENI</subfield><subfield code="t">0</subfield><subfield code="m">Electronic access</subfield><subfield code="s">01</subfield></datafield><datafield ind1=" " ind2=" " tag="999"><subfield code="i">NNU_001677383</subfield><subfield code="s">nyu_aco000635</subfield><subfield code="e">(ERROR-880)</subfield></datafield></record>